<record><leader>00000cas a2200000 a 4500</leader><controlfield tag="001">8622757</controlfield><controlfield tag="008">820722d19171917pauwr ne      0   a0eng d</controlfield><datafield ind1=" " ind2=" " tag="010"><subfield code="a">sn 85036090 </subfield></datafield><datafield ind1=" " ind2=" " tag="040"><subfield code="a">NYG</subfield><subfield code="b">eng</subfield><subfield code="c">NYG</subfield><subfield code="d">NPA</subfield><subfield code="d">KNP</subfield><subfield code="d">NPA</subfield><subfield code="d">KNP</subfield><subfield code="d">OCL</subfield><subfield code="d">OCLCQ</subfield><subfield code="d">KRTAS</subfield><subfield code="d">OCLCF</subfield><subfield code="d">OCLCO</subfield></datafield><datafield ind1="1" ind2=" " tag="029"><subfield code="a">AU@</subfield><subfield code="b">000025788561</subfield></datafield><datafield ind1=" " ind2=" " tag="042"><subfield code="a">msc</subfield></datafield><datafield ind1=" " ind2="4" tag="050"><subfield code="a">D501</subfield><subfield code="b">.D56</subfield></datafield><datafield ind1=" " ind2=" " tag="092"><subfield code="a">355.52</subfield><subfield code="b">fC182</subfield></datafield><datafield ind1="0" ind2="4" tag="245"><subfield code="a">The Camp Dix news.</subfield></datafield><datafield ind1=" " ind2=" " tag="260"><subfield code="a">Philadelphia, Pa. :</subfield><subfield code="b">Irwin &amp; Leighton,</subfield><subfield code="c">1917.</subfield></datafield><datafield ind1=" " ind2=" " tag="300"><subfield code="a">v. :</subfield><subfield code="b">ill. ;</subfield><subfield code="c">39 cm.</subfield></datafield><datafield ind1=" " ind2=" " tag="310"><subfield code="a">Weekly</subfield></datafield><datafield ind1="0" ind2=" " tag="362"><subfield code="a">Vol. 1, no. 1 (Aug. 16, 1917)-v. 1, no. 15 (Nov. 24, 1917).</subfield></datafield><datafield ind1=" " ind2=" " tag="500"><subfield code="a">"Published in the interests of Camp Dix."</subfield></datafield><datafield ind1=" " ind2=" " tag="500"><subfield code="a">Masthead reads: Wrightstown, N.J.</subfield></datafield><datafield ind1=" " ind2=" " tag="500"><subfield code="a">Editor: I.L. Cochrane.</subfield></datafield><datafield ind1=" " ind2="0" tag="651"><subfield code="a">Fort Dix (N.J.)</subfield><subfield code="v">Newspapers.</subfield></datafield><datafield ind1=" " ind2="4" tag="651"><subfield code="a">Philadelphia (Pa.)</subfield><subfield code="v">Newspapers.</subfield></datafield><datafield ind1=" " ind2="4" tag="651"><subfield code="a">Wrightstown (N.J.)</subfield><subfield code="v">Newspapers.</subfield></datafield><datafield ind1=" " ind2="7" tag="655"><subfield code="a">Newspapers.</subfield><subfield code="2">fast</subfield><subfield code="0">(OCoLC)fst01423814</subfield></datafield><datafield ind1=" " ind2="7" tag="651"><subfield code="a">New Jersey</subfield><subfield code="z">Fort Dix.</subfield><subfield code="2">fast</subfield><subfield code="0">(OCoLC)fst01230709</subfield></datafield><datafield ind1="1" ind2=" " tag="710"><subfield code="a">Fort Dix (N.J.)</subfield></datafield><datafield ind1=" " ind2=" " tag="752"><subfield code="a">United States</subfield><subfield code="b">Pennsylvania</subfield><subfield code="c">Philadelphia</subfield><subfield code="d">Philadelphia.</subfield></datafield><datafield ind1=" " ind2=" " tag="752"><subfield code="a">United States</subfield><subfield code="b">New Jersey</subfield><subfield code="c">Burlington</subfield><subfield code="d">Fort Dix.</subfield></datafield><datafield ind1=" " ind2=" " tag="752"><subfield code="a">United States</subfield><subfield code="b">New Jersey</subfield><subfield code="c">Burlington</subfield><subfield code="d">Camp Dix.</subfield></datafield><datafield ind1=" " ind2=" " tag="752"><subfield code="a">United States</subfield><subfield code="b">New Jersey</subfield><subfield code="c">Burlington</subfield><subfield code="d">Wrightstown.</subfield></datafield><datafield ind1="0" ind2="7" tag="785"><subfield code="t">Wrightstown herald</subfield></datafield><datafield ind1="0" ind2="7" tag="785"><subfield code="t">Camp Dix news and Wrightstown herald</subfield><subfield code="w">(DLC)sn 85036089</subfield><subfield code="w">(OCoLC)13754581</subfield></datafield><datafield ind1="0" ind2="8" tag="776"><subfield code="i">Online version:</subfield><subfield code="t">Camp Dix news</subfield><subfield code="w">(OCoLC)714208444</subfield></datafield><datafield ind1=" " ind2=" " tag="936"><subfield code="a">Aug. 16, 1917</subfield></datafield><datafield ind1=" " ind2=" " tag="938"><subfield code="a">Kirtas Technologies, Inc.</subfield><subfield code="b">KRTS</subfield><subfield code="n">843397</subfield></datafield></record>